2170 3018
237 146 802 234 ,vappnmrrouvnctutsrrnuu1urut
877 198 912 251 49

472 284 502 341 ς.
534 282 578 339 Vi

144 387 145 390 ¹
205 365 311 419 Mulieres
320 373 409 421 alderia
417 371 545 434 Magdalena
556 363 686 425 detentae,
702 369 742 434 spe
754 384 778 419 et
786 364 911 436 timoledu7

145 436 195 483 biae
206 433 266 481 forte
273 446 348 482 tamen
357 435 469 482 laetissimo
477 434 560 481 Mariae
568 435 653 483 nuncio
664 434 772 481 excitatae
779 434 858 482 iterant
866 436 913 482 exi·¹

95 557 98 560 ψ
139 495 228 553 'eumad
238 494 383 601 sepulchrum,
395 498 517 549 introeunt,
529 497 605 543 vident
614 496 718 559 angelum
728 495 768 552 sub
777 495 852 559 specie
862 497 913 544 ado‘«

144 556 245 604 lescentis
266 556 371 615 edentem
383 576 402 604 εν
416 553 484 622 lepore
497 556 524 602 so
532 578 596 620 peperi
604 561 672 614 Marc.
681 563 711 606 16.
719 575 737 618 5.
745 559 914 618 ,uberioremet

143 617 221 666 solatio
229 618 356 681 pleniorem
369 616 651 680 sermonemeudiunt,quo
657 620 732 670 audito
738 621 842 670 noudum
847 629 913 683 pror-

144 679 178 726 sus
193 679 333 727 confirmatae
342 678 380 725 sed
388 679 459 738 adhuc
466 678 595 741 perterritae
604 682 671 727 Marc.
681 697 700 727 v.
710 692 729 735 8.
737 683 809 730 Matth
817 682 836 730 r.
847 692 865 735 8.
874 688 912 739 rea

69 753 72 759 ‘¹
125 756 128 760 ’
145 754 243 800 currunt,
251 741 276 798 in
285 742 327 787 isto
335 740 423 799 recursu
431 739 543 788 Dominus
551 739 598 801 ipse
612 743 801 805 apparet‚·blande'
809 743 911 806 compel-

145 801 181 858 lat,
186 816 208 851 et
215 802 327 865 amplexus
335 802 429 850 admittit
439 819 458 850 v.
464 819 485 862 9·
493 805 521 860 a)
551 803 586 859 En
592 803 681 853 alteram
689 804 805 854 resuscitati
816 804 911 868 Sospite

144 864 202 913 toris
212 863 372 926 apparitionem
377 864 503 912 mulieribus
515 862 606 932 sesiam:
625 873 634 880 ’“
854 926 902 976 VH

137 1062 138 1066 ,
170 1027 242 1066 euidens
250 1037 269 1065 et
277 1029 334 1076 aliqua
340 1028 444 1076 probatione
452 1040 490 1066 non
497 1029 577 1076 indigens
584 1029 731 1077 praetermiserint
735 1025 861 1076 Euangelistae.
872 1028 911 1065 Nee

168 1079 222 1125 magis
230 1078 248 1114 se
256 1079 366 1114 commendet
378 1089 497 1120 eunomius,
508 1080 539 1124 qui
549 1090 700 1118 retenturum
710 1081 779 1116 secutus
788 1091 821 1127 per
835 1078 911 1115 Mariam

169 1127 297 1175 Magdalenam,
305 1127 334 1162 eui
342 1128 412 1163 Marcus
421 1125 486 1163 disertis
495 1127 552 1163 verbis
562 1128 661 1164 Dominum
669 1148 726 1178 agam
734 1127 829 1177 apparuisse
839 1127 912 1164 testatur

169 1182 240 1216 starem
246 1176 334 1225 iutelligit,
339 1189 379 1213 cum
387 1176 461 1215 Mariam
467 1176 516 1213 istam
524 1178 678 1226 aMauiaDelptra,
686 1180 759 1227 perinde
763 1191 783 1215 ac
790 1191 800 1215 a
807 1178 864 1214 Mutia
870 1188 913 1224 pec·

169 1228 233 1265 natrice
241 1236 260 1273 et
266 1227 385 1265 MariaLazari
392 1226 456 1271 sorore,
464 1227 751 1274 (quodeonrm'trorroorvit
763 1226 818 1273 noto)
826 1227 913 1263 diuersam

170 1276 304 1323 omninofuilse‚
309 1287 328 1323 et
336 1291 402 1315 nomen
406 1278 522 1325 magdalenae
530 1276 626 1326 abssoppido
631 1279 719 1319 Galilaeae
727 1278 809 1324 Magdala
815 1277 915 1320 sedulium,

140 1366 142 1372 k
171 1338 191 1365 et
197 1329 253 1387 satum
259 1329 354 1376 sagmate,
362 1328 447 1378 siquidem
454 1328 524 1377 septem
533 1328 625 1366 daemonia
633 1327 709 1365 Christus
717 1339 739 1365 ex
745 1327 776 1365 ille
785 1327 870 1371 eiecerat,
878 1327 915 1364 ela-

171 1390 191 1416 re
200 1388 280 1417 innuant.
300 1396 302 1399 ·
600 1402 601 1405 =

141 1447 166 1490 e)
178 1445 255 1483 Minime
266 1442 415 1482 'confundendum
423 1442 456 1481 esse
470 1442 518 1479 hunc
532 1445 631 1491 amplexum
645 1444 741 1482 mulierum
756 1456 797 1482 cum
805 1444 837 1481 illo
845 1443 915 1483 Mariae

132 1517 134 1519 v
170 1495 292 1541 Magd'alenae
300 1504 320 1528 vt
330 1503 474 1529 LlGTFOOTVS
484 1492 536 1534 feeit,
546 1502 565 1527 et
571 1492 631 1529 frustra
640 1495 732 1541 enallagen
740 1494 810 1532 numeri
817 1493 914 1539 constituit,

107 1571 108 1575 ,
169 1545 226 1594 probe
233 1543 378 1580 monuitSumme
386 1542 432 1578 Ven.
442 1552 519 1577 uvsrvs
530 1542 549 1577 in
557 1543 605 1579 H.E.
612 1544 623 1579 l
629 1556 642 1579 c.
647 1554 666 1591 p.
672 1556 715 1589 1475·
741 1546 779 1592 Ege
787 1546 859 1592 quidem
867 1545 912 1592 illud

141 1613 143 1616 ·
169 1594 225 1632 adhuc
231 1592 340 1631 monendum
350 1591 433 1635 duxerim,
441 1603 479 1627 uon
487 1591 632 1630 confundendum
641 1591 768 1642 esseduplicem
777 1595 838 1631 herum
845 1595 912 1631 nerni-

169 1646 231 1683 narum
236 1645 301 1681 exitum
305 1643 403 1680 etiteratam
407 1642 508 1690 angelorum
516 1642 646 1691 apparitionem,
655 1641 707 1693 quam
716 1640 911 1683 exMattha'eoetMn-

156 1693 159 1698 ’
170 1695 294 1744 topetiuimus
302 1693 388 1737 rumille,
396 1693 419 1729 de
428 1705 462 1741 qua
470 1693 525 1730 Lucas
533 1693 572 1741 agit.
596 1695 622 1732 Vt
630 1696 678 1735 enim
685 1695 726 1731 isiae
738 1707 824 1745 perperna
837 1695 911 1745 angele-

142 1742 143 1746 ¹
158 1744 159 1747 ’
171 1758 210 1783 rum
219 1758 229 1782 a
237 1744 255 1782 se
261 1745 338 1781 inuicem
345 1744 477 1791 distinguantur,
489 1753 507 1780 et
514 1756 559 1791 quae
567 1754 614 1781 errat
622 1745 666 1781 Luc.
676 1746 744 1790 XXIV,
755 1758 770 1785 1.
778 1746 812 1793 seq.
818 1743 880 1781 ordine
888 1757 910 1783 ac

170 1806 251 1845 tempore
258 1796 363 1844 praeferatur
369 1795 434 1830 alteria
442 1793 537 1831 Matthaeo‘
542 1804 561 1830 et
566 1795 627 1831 Marco
636 1795 729 1844 descriptae
736 1792 798 1843 variae
803 1795 876 1843 suadent
882 1794 911 1832 ta·

170 1848 233 1884 tiones.
244 1846 258 1883 I.
264 1846 311 1883 enim
318 1844 374 1882 Lucas
382 1844 433 1888 dicit,
442 1845 513 1892 angelps
521 1842 601 1882 adstitisse
607 1846 762 1883 mulieribusextra
769 1853 911 1889 monumentum,

170 1899 241 1936 Marcus
249 1898 331 1945 angelum
338 1893 396 1932 sedisse
404 1895 464 1944 intus„
473 1894 574 1933 Matthaeus
582 1895 605 1932 de
616 1897 649 1933 situ
659 1897 716 1945 angeli
724 1896 769 1942 nihil
777 1897 845 1939 refert„
855 1896 910 1933 refert

140 1991 142 1995 Α
156 1970 159 1994 ;
172 1948 255 1997 equidem
263 1948 344 1996 mgelum
353 1946 425 1984 terrifica
431 1946 488 1981 forma
495 1946 608 1994 conspicuum
616 1948 700 1995 inlepide
708 1945 841 1990 consedisse‚sed
849 1946 910 1983 adret·

171 2000 246 2036 rendum
253 1998 342 2043 custodes,
351 1996 398 2044 quod
405 2005 464 2031 autem
471 1996 492 2030 ab
501 1996 564 2033 eodem
571 1996 606 2032 hoc
612 1997 670 2043 lapide
678 1997 725 2033 idem
737 1997 808 2044 angelus
816 2007 857 2033 cum
868 1997 909 2033 foe-

139 2074 140 2077 =
172 2050 224 2086 minis
233 2048 330 2085 collocutus
337 2048 365 2089 sit,
379 2051 466 2091 nusquam
475 2046 585 2093 pronuntiat,
596 2047 647 2082 varia·
654 2046 702 2083 enim
709 2046 755 2083 inter
763 2059 779 2083 v.
785 2056 829 2095 4et
836 2046 852 2094 ςξ
861 2046 909 2094 apud

170 2098 279 2136 Matthaeum
287 2095 401 2133 intercalanda
409 2093 442 2131 else
448 2106 463 2131 e.
468 2105 485 2142 g.
494 2094 554 2142 firgam
563 2094 653 2134 custodum
658 2106 676 2133 et
681 2095 765 2134 accessum
773 2097 910 2145 mulierumper

171 2150 190 2186 se
196 2158 250 2198 patet,
258 2160 292 2185 nec
299 2147 365 2184 creditu
372 2145 423 2183 facile
432 2145 461 2189 est,
469 2145 537 2183 timidas
545 2146 651 2193 melletensi
660 2148 732 2194 angelus
740 2147 760 2185 in
767 2147 805 2196 ipso
815 2147 866 2192 aditu
871 2147 910 2184 inst-

171 2201 214 2238 dens
221 2199 261 2236 vsauro
269 2199 320 2236 situm
327 2197 377 2237 illum
385 2208 422 2233 non
430 2194 509 2233 mutasset
517 2206 547 2235 aut
558 2196 673 2244 disparuisset,
687 2208 825 2236 monumentum
836 2197 909 2234 introire
967 2196 973 2204 ²

172 2251 218 2289 ausas
226 2248 280 2289 fuisse.
303 2250 326 2286 11.
333 2247 386 2298 Apud
392 2248 458 2284 Lucam
463 2258 546 2295 apparent
551 2247 585 2284 duo
591 2249 654 2296 angeli,
662 2249 709 2298 apud
716 2248 828 2287 Matthaeum
836 2258 854 2284 et
860 2249 909 2285 Mar·

142 2327 143 2330 η
173 2314 214 2338 cum
221 2312 290 2339 tantum
298 2312 347 2338 unus,
357 2309 361 2323 v'
371 2298 423 2337 Addo
431 2298 461 2335 Ill.
466 2296 563 2346 oportuisse
571 2300 654 2338 mulieres
660 2301 692 2345 bis,
700 2312 742 2338 non
747 2300 800 2337 semel
808 2307 909 2335 tantumne-

173 2350 235 2388 cessisse
243 2352 265 2388 ad
272 2351 389 2399 sepulchrum,
397 2361 472 2397 namque
479 2348 575 2387 Marluend
582 2352 672 2388 tumulum
679 2351 779 2401 lacrymanti
786 2362 823 2386 non
832 2348 916 2401 aderant,⁸

173 2402 186 2439 st
193 2402 211 2438 in
220 2401 268 2438 obitu
276 2412 366 2450 occupatas
374 2399 424 2439 fuisse
431 2401 500 2445 dixeris,
507 2399 573 2438 rediisse
580 2403 680 2450 negauerim
689 2402 774 2439 Christum
781 2400 815 2437 illis
823 2409 863 2437 tum
870 2399 910 2448 qui-

174 2452 213 2492 dem
220 2450 313 2504 apparuisse
321 2452 393 2498 dixeris,
401 2463 437 2500 quo
444 2451 481 2502 ipso
492 2461 551 2498 autem
559 2453 631 2541 Μᾶτοο,
639 2454 670 2505 qui
676 2452 752 2501 Mutae,
761 2463 800 2491 nen
807 2451 912 2542 muligrilbus

865 2512 912 2541 aut-
