2170 3018
221 248 223 255 ι
245 222 485 293 Apaaammu'vn
502 232 623 285 cnatsrt
639 240 778 292 utuntur
863 257 895 307 59

134 351 188 399 elle,
202 344 297 396 urscia,
312 344 360 405 quis
375 341 540 391 Iohanni'vitae
552 343 623 390 exitus
634 343 750 390 destinatus
758 345 794 396 sit,
809 349 892 405 quodsi

132 419 206 457 tamen
221 404 282 451 vellit
296 420 347 452 eum
363 401 452 454 manere
460 407 473 453 i.
483 422 501 452 e.
511 405 586 452 viuere
597 420 667 467 nsque
680 404 733 451 dum
742 405 829 457 veniat,
845 423 892 466 non

133 465 160 515 ad
173 467 261 512 Petrum
277 468 367 513 attinere
375 472 400 527 ry)
413 468 441 514 de
449 482 495 529 quo
507 467 610 525 aduentu,
616 467 693 515 vltimo
706 466 734 513 ad
743 466 855 520 iudicium,
864 469 892 515 an

118 528 162 582 „de
171 526 267 574 aduentu
275 527 302 574 ad
311 529 420 580 excidium
428 529 485 576 vrbis
494 527 613 590 Sospitator
621 529 736 591 loquatur,
748 526 855 575 differunt
860 530 894 576 in·

71 634 73 636 ,
131 598 252 649 terpretes,
275 588 310 634 alii
324 603 374 635 cum
389 604 548 638 traruooro
565 603 588 637 et
602 605 719 638 saturno
736 589 894 651 posteriorem,

131 649 167 696 alii
188 663 239 695 cunt
268 663 429 707 oranauoo,
456 664 587 702 catomo,
611 662 668 699 avo.
695 666 842 698 aratrtmto
870 663 894 699 et

131 724 258 758 wormio
274 709 371 772 priorem
382 712 466 758 malunt
472 709 608 768 sententiam,
621 725 643 758 et
651 712 759 759 obiiciunt
766 712 893 760 dissentIen-

131 772 199 825 tibus,
216 772 316 832 quodex
326 771 475 819 monumentis
487 773 584 825 constet,
599 773 721 819 Iohannem
731 772 892 821 nonsolumvs·

132 848 176 894 que
190 833 216 879 ad
228 833 338 879 excidium
352 832 575 893 Hierosolymitanum
594 834 660 880 vitam
686 833 829 895 produxisse,
853 834 892 882 sed

131 895 196 940 etiam
204 893 256 940 vltra
264 894 351 954 triginta
360 894 431 941 adhuc
443 902 513 941 annos
526 894 603 940 vixisse.
633 896 733 957 Vtraque
743 895 893 957 explicatione

132 967 156 1001 et
162 969 235 1016 pugna
244 952 268 1000 su
285 953 383 1000 ersedete
392 954 524 1017 poterimus,
537 954 552 1001 fi
561 954 680 1001 aduentum
690 954 772 1015 Christi
780 956 820 1001 h.l.
827 957 895 1016 inge&

132 1029 186 1062 nere
204 1015 232 1060 de
247 1030 258 1061 a
274 1028 342 1062 uentu
357 1015 383 1062 ad
398 1029 493 1062 mortem
507 1023 598 1075 eamque
606 1015 712 1076 placidam
722 1015 826 1076 martyrio
834 1016 895 1062 Petri
915 1052 917 1055 .

133 1074 255 1138 oppositam
269 1076 444 1134 interpretemur.
453 1071 476 1128 l)
491 1074 582 1121 Interim
597 1090 659 1121 error
671 1074 838 1136 discipulorum,
854 1076 895 1135 qui

132 1137 187 1184 haec
199 1134 243 1196 ipsa
256 1135 338 1183 Christi
351 1136 416 1181 verba
429 1135 484 1179 male
496 1149 538 1194 pto
552 1135 679 1194 categoricis
687 1136 807 1188 habebant,
822 1135 895 1182 ansam

131 1195 195 1243 dedit
211 1194 280 1241 errori
290 1192 386 1239 ridiculo
403 1191 431 1239 de
439 1194 539 1240 iohanne
549 1193 619 1240 adhuc
628 1193 751 1255 superstite,
766 1195 804 1240 etsi
814 1195 897 1242 sabula-

134 1271 184 1303 rum
194 1254 288 1314 mag'istri
299 1253 328 1299 de
337 1253 400 1310 loco,
414 1269 460 1314 quo
470 1254 540 1315 uiuat,
556 1268 606 1301 non
620 1254 770 1306 consentiant,
779 1255 824 1302 aliis
834 1256 897 1303 Pata·
918 1288 924 1292 -v

133 1315 203 1365 disum
213 1313 573 1377 aliissepulchmmfingentibusa)
886 1323 902 1352 »ἑ

463 1419 482 1477 a.
511 1415 569 1463 xn.
635 1455 636 1458 ,

192 1496 275 1543 Odiana
289 1497 378 1541 demum
395 1495 500 1555 apparitio
515 1495 539 1538 In
554 1504 633 1538 monte
647 1492 756 1540 Galilaeae
769 1496 899 1556 prounthae

133 1555 188 1604 faeta
200 1557 233 1600 est
240 1557 317 1602 Matth.
327 1555 430 1610 XXVIII,
442 1558 472 1598 16.
502 1553 571 1600 Hunc
578 1553 609 1598 illi
619 1552 701 1599 debere
711 1555 846 1609 ordinemet
856 1572 899 1604 nu-

135 1631 235 1667 merum,
250 1615 310 1678 supra
320 1614 460 1677 probauimus
471 1628 499 1659 ex
509 1629 537 1659 eo
546 1613 679 1675 potissimum
688 1615 765 1676 capite,
777 1616 827 1675 quia
833 1617 896 1678 prio·

134 1693 170 1725 res
185 1676 285 1737 quinque
298 1675 443 1738 apparitiones
451 1673 520 1720 fatiae
527 1674 631 1735 leguntur
640 1674 714 1735 primo
726 1693 842 1730 arremaro:
851 1677 897 1734 die,

121 1790 124 1796 Δ
136 1753 182 1799 quo
196 1736 293 1799 discipuli
306 1738 330 1784 in
339 1735 537 1783 Galilaeamvenire
547 1750 594 1781 non
603 1746 719 1795 poterant,
736 1751 778 1782 nec
786 1733 897 1798 posterio-

134 1813 170 1847 res
180 1797 259 1844 ordine
268 1797 309 1843 eise
319 1797 391 1859 posse,
404 1812 456 1857 quas
470 1794 551 1842 sextam
561 1808 584 1842 et
593 1795 706 1856 septimam
715 1797 815 1851 dicimus,
820 1798 897 1845 excal·

135 1861 187 1907 culo
202 1859 317 1905 Iohanneo
327 1870 426 1920 apparet,
441 1856 547 1916 siquidem
560 1855 608 1902 alias
621 1856 656 1902 illa
665 1856 692 1902 ad
703 1860 763 1904 mitre
771 1858 897 1915 Tiberiadis

77 1973 83 1982 ,
135 1919 190 1967 falla
200 1918 239 1981 ipsi
253 1935 301 1966 non
309 1920 372 1966 tertia
380 1918 418 1965 sed
426 1929 499 1978 quarta
508 1916 600 1963 dicenda
610 1916 687 1964 suisset.
715 1919 803 1964 Etenim
816 1919 896 1965 lohan-

136 1996 190 2033 nes,
206 1993 230 2027 vt
241 1979 323 2042 saepius
338 1980 445 2027 monitum
460 1978 492 2023 est
504 1977 646 2024 solenniores·
656 1978 835 2037 tantumrquibus
849 1978 896 2041 ipse

126 2041 276 2095 interfuerat,
293 2053 400 2092 numerat,
415 2050 503 2084 atvero
520 2038 584 2082 etiam
599 2037 631 2081 illi
643 2036 800 2085 solennissamae
817 2039 897 2087 Matth.

136 2102 239 2153 XXVIII,
244 2107 273 2147 16.
284 2099 388 2147 interfuit.
418 2096 607 2204 Exquibusstmussl
606 2108 676 2158 patet,
692 2098 754 2157 qnod
759 2097 836 2147 eadem
841 2100 898 2205 hasco

623 2175 635 2202 2
872 2174 897 2214 it,

139 2290 159 2334 a)
170 2285 220 2324 Male
231 2286 283 2323 verno
293 2285 360 2331 vulgata
368 2290 384 2318 ν.
392 2291 422 2320 22.
433 2297 458 2320 aa
465 2291 496 2329 pet
507 2279 529 2317 sie
536 2288 589 2327 atque
601 2274 645 2315 adeo
659 2276 899 2329 hypodieticumcmiffire.

163 2335 244 2383 sponsum
253 2338 272 2373 ln
281 2333 397 2382 categoricum
408 2331 474 2368 versum
483 2329 540 2367 habet.

141 2389 158 2429 l)
170 2387 220 2423 Plura
229 2387 277 2423 dabit
284 2396 328 2422 tan
334 2395 380 2421 eivs
390 2383 409 2419 in
418 2383 503 2419 Canama.
513 2381 533 2417 P.
543 2393 557 2423 3·
564 2386 581 2427 pt
590 2383 623 2424 760.

140 2439 157 2486 a)
168 2436 234 2484 Scripsit
247 2444 455 2474 MtrrEuNncetrtvs
463 2429 552 2475 Differat„
558 2439 586 2478 19.
594 2427 708 2472 adsolalllil,
715 2441 746 2469 22.
754 2429 774 2466 de
781 2441 804 2473 aa,
812 2428 905 2473 dolabras,

163 2501 191 2527 aes
198 2496 214 2528 et
221 2488 292 2528 Iudaeus
299 2486 367 2537 qiidam
376 2496 387 2523 a
395 2491 465 2535 tempore
472 2479 549 2536 paldonis
558 2477 616 2532 Cbrillt'
628 2479 683 2520 attae
687 2478 723 2531 ‚dat
731 2478 830 2533 fiaptrjliret,
