2170 3018
197 172 222 229 ’33
403 162 637 235 urssrnrnrto
656 170 764 219 aaron

199 269 266 319 altera
275 270 478 338 parteBethphage,
483 277 511 321 de
517 292 558 336 qua
563 275 763 336 qnidemdnbitauit
770 282 904 321 atorroorrs
913 272 929 329 ι)
935 282 964 317 ex

201 334 335 382 testimoniis
342 336 478 383 Talmudicis
488 337 578 381 all'erens
588 333 655 394 ipsam
666 334 723 389 vrbis
731 349 815 394 partem
823 333 965 396 Bethphagen

203 395 283 443 didlam
295 397 344 450 effe,
354 397 390 443 sed
398 397 446 441 ficus
454 396 594 453 Bethphagae
604 393 692 439 insacro
698 394 786 440 Codice
792 395 903 457 affignatus
910 397 966 442 clare

201 458 282 519 probat
287 457 346 505 extra
352 455 437 501 moenia
446 454 503 499 vrbis
508 453 603 501 villulam
613 458 708 516 ἑμωνυμσν
715 455 791 507 fuiffe;
803 456 967 504 acceditaudlo-

200 519 252 566 ritas
259 514 443 577 OritumnEuseIii
448 528 471 559 et
477 515 602 578 Hieronymi
608 518 779 564 contestantium
785 517 823 565 suo
831 519 903 566 adhuc
911 531 966 564 aeuo

202 580 295 641 villulam
302 573 399 637 restitille
408 574 435 621 ad
440 580 550 632 montem,
558 595 615 640 quae
624 579 753 641 Bethphage
762 580 816 626 dida
822 581 852 625 sn.
868 580 967 636 Vlcerius

200 639 286 685 circiter
302 640 328 692 15.
338 636 404 682 stadia
416 652 458 701 per
470 638 561 686 tracium
570 641 681 687 montium
694 642 794 700 adeoque
804 641 870 698 ,etiam
879 654 921 699 per
928 641 968 685 tria

199 698 237 744 ista
250 696 359 751 culmina,
372 713 468 760 quorum
483 702 521 746 vni
536 702 646 757 Galilaeae
660 716 745 747 nomen
758 701 832 760 postea
844 699 968 760 competiit,

197 757 301 812 tendenti
313 760 445 806 occurrebat
460 761 563 805 Bethania
573 761 630 811 villa,
639 761 663 805 in
673 775 715 821 qua
725 760 792 805 Maria
805 773 828 805 et
835 759 920 805 Martha
930 760 968 806 ha-

198 820 296 867 bitarunt
307 820 356 867 loh.
370 822 409 872 Xl,
419 836 431 865 1.
442 819 484 866 Sed
492 820 968 882 redeamusssethaniaadcacumennostrnm,

198 895 298 942 cumque
313 879 422 943 originem
435 880 538 931 nominis,
549 895 614 941 quam
628 882 756 928 Harduinus
770 899 798 929 ex
810 882 908 943 hospitio
922 882 968 932 Ga,-

200 942 316 998 lilaeotum
327 943 428 997 deduxit,
437 941 498 987 nullo
510 941 598 1002 prorsus
609 957 652 988 nec
661 941 778 1002 scripturae
789 957 832 986 nec
842 943 968 1000 Antiquitar

193 1003 228 1050 ”tis
238 1005 372 1060 testimonio
378 1004 418 1048 niti
426 1002 544 1057 videamus,
553 1004 615 1049 aliam
625 1001 752 1049 scrutemur,
781 1000 904 1048 Certiffime
913 1001 968 1048 mihi

198 1062 321 1126 persuasum
332 1064 371 1120 est,
378 1063 469 1109 demum
480 1064 531 1125 post
543 1064 657 1110 Saluatoris
668 1063 769 1123 cuonrado
780 1063 804 1109 in
819 1061 896 1108 coelos
905 1062 970 1112 istam

199 1125 316 1184 regionem
327 1123 448 1170 Galilaeam
458 1125 537 1172 didam
550 1125 599 1182 effe,
607 1125 651 1171 liue
660 1141 671 1170 a
681 1124 773 1176 Induere,
783 1124 861 1185 quibus
871 1123 968 1185 Aposto-

199 1186 216 1232 li
227 1199 250 1231 et
259 1185 359 1231 Christus
365 1185 410 1247 ipse
419 1199 608 1247 percontemtum
613 1186 831 1239 Galilaeiattdiebant,
837 1184 879 1231 siue
886 1201 896 1231 a
903 1182 968 1232 Chri:

200 1245 290 1298 Paiania,
306 1247 345 1306 qni
359 1246 508 1294 sentienteita
524 1250 689 1308 anpernquae
700 1248 776 1293 nostro
787 1246 877 1307 quidem
885 1243 968 1293 iudicio

201 1306 293 1353 similior
301 1321 356 1352 vero
366 1306 472 1354 sententia
481 1309 512 1354 est
525 1314 553 1366 a),
567 1309 688 1370 regionem,
698 1323 726 1354 ex
734 1324 776 1369 qua
786 1306 906 1368 Sospitator
916 1319 968 1350 eue-

201 1367 250 1415 nus
265 1368 298 1413 est
312 1368 416 1427 peculiari
431 1369 523 1414 nomine
536 1370 562 1415 ad
575 1385 699 1430 perennem
713 1370 759 1415 eius
770 1368 899 1414 memoriam
907 1378 969 1412 nota-

200 1440 246 1474 tam
259 1427 387 1488 cupiebant,
399 1430 485 1474 ratione
499 1430 657 1475 denominandi
672 1447 683 1476 a
699 1446 756 1475 voce
766 1429 848 1488 Angeli
857 1428 923 1474 sumta
932 1434 968 1474 Av-

176 1509 178 1511 ’
200 1483 244 1553 dgna
256 1488 464 1548 pomnmnAlem.
496 1488 621 1534 Confirmat
630 1503 729 1533 mentem
739 1490 818 1549 partim
831 1502 916 1533 nomen
926 1506 968 1533 συν-

200 1569 280 1612 onoma,
289 1550 336 1595 Viri
347 1549 442 1605 Galilaei‚
452 1549 514 1609 quod
526 1554 613 1600 omnes‘,
623 1550 661 1609 qui
671 1564 777 1596 cacumen
787 1548 840 1594 illud
849 1547 969 1595 Galilaeam

199 1611 282 1664 vocari,
294 1609 367 1656 eidem
377 1623 507 1671 competere
517 1610 616 1663 alierum,
627 1611 693 1656 testes
698 1609 919 1672 vocoQuufmium7
924 1611 969 1654 Ru-

200 1671 309 1733 delphum,
319 1674 452 1730 Dapperum,
462 1672 589 1730 1113113333.-
604 1673 681 1733 partim
693 1670 760 1717 fimile
770 1685 856 1717 nomen
867 1670 919 1716 loco
931 1667 968 1714 vbi

201 1734 302 1780 Christus
316 1732 428 1778 rediuiuus
441 1733 566 1780 mulieribus
579 1732 696 1795 apparuiffe
711 1731 795 1786 fertur,
812 1731 968 1791 datumquem

204 1791 344 1853 Qaresmius
352 1796 374 1845 λ)
383 1793 513 1841 Marianum
524 1795 626 1854 appellari
640 1794 773 1853 pronuntiat.
808 1792 917 1852 Equidem
928 1791 968 1842 be÷

203 1852 507 1913 rtetnemi11i‚Qarcsqu1n
522 1854 573 1900 huic
581 1855 668 1899 nostrae
679 1853 798 1898 sententiae
809 1851 968 1904 contradicere,

201 1913 386 1975 quandoquidem
400 1929 507 1960 cacumen
516 1914 570 1960 illud
579 1915 643 1975 paulo
653 1913 759 1959 remotius
770 1913 834 1958 distet
843 1927 854 1957 a
863 1912 926 1963 loco,
940 1925 968 1955 ex

200 1990 248 2036 quo
258 1974 359 2021 Christus
371 1972 463 2020 sublatus
472 1976 509 2031 est,
519 1990 583 2035 quam
595 1974 716 2020 distantiam
728 1974 755 2019 ad
767 1973 882 2020 dimidium
892 1971 969 2017 millia·

201 2050 227 2082 re
238 2034 398 2082 Germanicum
412 2035 517 2096 Myllerus
532 2035 642 2085 extenditt
655 2034 693 2081 sed
707 2032 735 2080 fic
748 2035 800 2081 vltra
811 2032 877 2095 ipsam
888 2031 967 2078 Betha-

199 2096 263 2157 niam
276 2095 428 2144 collocandum
444 2095 506 2145 foret
519 2097 572 2144 illud
581 2111 694 2154 cacumen,
705 2097 767 2157 quod
778 2109 852 2143 tamen
860 2108 923 2211 necf
931 2105 969 2159 aa·

882 2168 906 2199 Υθ
915 2166 970 2198 netur

225 2270 291 2299 vocem
308 2261 392 2310 explicat,
399 2261 428 2299 sed
435 2263 497 2302 tollius
505 2265 575 2303 obtinet
581 2262 679 2302 communis
690 2259 784 2302 sententia,
794 2269 829 2306 qua
842 2262 933 2294 nomena
945 2261 968 2307 rix

228 2325 265 2362 pau
280 2313 291 2350 s.
300 2313 383 2351 torculari
390 2314 426 2350 olei
433 2315 528 2352 deducitur,
803 2326 805 2330 ·
961 2314 962 2317 ’

201 2365 217 2413 a)
228 2365 247 2400 in
253 2365 331 2401 Cannu-in
340 2364 453 2412 Gangraphicu
460 2366 548 2414 Euangelio
554 2363 637 2402 Matthaei
644 2357 731 2412 praenu'ffir
742 2358 775 2399 Vol.
780 2372 793 2397 ².
800 2366 817 2407 p.
822 2369 881 2415 33133.

203 2422 221 2459 a)
234 2414 253 2450 in
263 2415 357 2463 Palaestina
364 2416 380 2452 S.
384 2424 406 2463 Vp.
410 2428 443 2460 422.
857 2428 859 2432 ¹

203 2467 222 2516 n)
238 2463 390 2525 TtrmonLt'Ian.
399 2474 435 2516 cap.
442 2464 491 2502 rlrr.
